<record><leader>00000cas a22000007a 4500</leader><controlfield tag="001">26044414</controlfield><controlfield tag="008">920618d18801881riuer ne      0    0eng d</controlfield><datafield ind1=" " ind2=" " tag="010"><subfield code="a">sn 92064111 </subfield></datafield><datafield ind1=" " ind2=" " tag="040"><subfield code="a">RHN</subfield><subfield code="b">eng</subfield><subfield code="c">RHN</subfield><subfield code="d">OCLCQ</subfield></datafield><datafield ind1=" " ind2=" " tag="042"><subfield code="a">msc</subfield></datafield><datafield ind1="0" ind2="4" tag="245"><subfield code="a">The Weakly.</subfield></datafield><datafield ind1=" " ind2=" " tag="260"><subfield code="a">Chepachet, R.I. :</subfield><subfield code="b">Frank H. Potter</subfield></datafield><datafield ind1=" " ind2=" " tag="300"><subfield code="a">v.</subfield></datafield><datafield ind1=" " ind2=" " tag="310"><subfield code="a">Biweekly</subfield></datafield><datafield ind1="1" ind2=" " tag="362"><subfield code="a">Began in Nov. 1880; ceased in 1881.</subfield></datafield><datafield ind1=" " ind2=" " tag="588"><subfield code="a">Description based on: Vol. 2, no. 6 (Jan. 22, 1881).</subfield></datafield><datafield ind1=" " ind2="4" tag="651"><subfield code="a">Glocester (R.I. : Town)</subfield><subfield code="v">Newspapers.</subfield></datafield><datafield ind1=" " ind2=" " tag="752"><subfield code="a">United States</subfield><subfield code="b">Rhode Island</subfield><subfield code="c">Providence</subfield><subfield code="d">Chepachet.</subfield></datafield><datafield ind1="0" ind2="0" tag="785"><subfield code="t">Chepachet weakly</subfield><subfield code="w">(DLC)sn 92064112</subfield></datafield><datafield ind1="1" ind2=" " tag="029"><subfield code="a">AU@</subfield><subfield code="b">000020749063</subfield></datafield></record>